<record><leader>00000cas a22000007a 4500</leader><controlfield tag="001">16893487</controlfield><controlfield tag="008">871023c19429999njuwr ne      0    0eng d</controlfield><datafield ind1=" " ind2=" " tag="010"><subfield code="a">sn 87068201 </subfield></datafield><datafield ind1=" " ind2=" " tag="040"><subfield code="a">NJW</subfield><subfield code="b">eng</subfield><subfield code="c">NJW</subfield><subfield code="d">OCLCQ</subfield></datafield><datafield ind1=" " ind2=" " tag="042"><subfield code="a">msc</subfield></datafield><datafield ind1="0" ind2=" " tag="130"><subfield code="a">Caldwell progress (1942)</subfield></datafield><datafield ind1="1" ind2="0" tag="245"><subfield code="a">Caldwell progress.</subfield></datafield><datafield ind1=" " ind2=" " tag="260"><subfield code="a">[Caldwell, N.J. :</subfield><subfield code="b">Caldwell Progress, Inc.]</subfield></datafield><datafield ind1=" " ind2=" " tag="310"><subfield code="a">Weekly</subfield></datafield><datafield ind1="1" ind2=" " tag="362"><subfield code="a">Began in Jan. 1942.</subfield></datafield><datafield ind1=" " ind2=" " tag="500"><subfield code="a">Issue for Jan. 5, 1961 is the 50th anniversary issue.</subfield></datafield><datafield ind1=" " ind2=" " tag="588"><subfield code="a">Description based on: Jan. 5, 1961.</subfield></datafield><datafield ind1=" " ind2=" " tag="752"><subfield code="a">United States</subfield><subfield code="b">New Jersey</subfield><subfield code="c">Essex</subfield><subfield code="d">Caldwell.</subfield></datafield><datafield ind1="0" ind2="0" tag="780"><subfield code="t">Caldwell progress-The Verona news</subfield></datafield></record>